@ARTICLE{Chantavat2009,
	author = {{Chantavat}, T. and {Gordon}, C. and {Silk}, J.},
	title = "{Probing the primordial power spectrum with cluster number counts}",
	journal = {Physical Review D},
	archivePrefix = "arXiv",
	eprint = {0811.4371},
	keywords = {Cosmology},
	year = 2009,
	month = apr,
	volume = 79,
	number = 8,
	eid = {083508},
	pages = {083508},
	doi = {10.1103/PhysRevD.79.083508},
	adsurl = {http://adsabs.harvard.edu/abs/2009PhRvD..79h3508C},
	adsnote = {Provided by the SAO/NASA Astrophysics Data System}
}